<collection xmlns="http://www.loc.gov/MARC21/slim">
<record>
  <leader>00651na 0a22001571i 450 </leader>
  <controlfield tag="001">IT\ICCU\CNCE\074835</controlfield>
  <controlfield tag="005">20091015000000.0</controlfield>
  <datafield tag="100" ind1=" " ind2=" ">
    <subfield code="a">20091015             0itac0103    ba</subfield>
  </datafield>
  <datafield tag="101" ind1=" " ind2=" ">
    <subfield code="a">ITA</subfield>
  </datafield>
  <datafield tag="200" ind1="1" ind2=" ">
    <subfield code="a">℗Baldus de Perusio ℗Super secunda parte ff. veteris</subfield>
  </datafield>
  <datafield tag="700" ind1=" " ind2="1">
    <subfield code="a">Ubaldi,</subfield>
    <subfield code="b">Baldo : degli</subfield>
    <subfield code="3">IT\ICCU\CNCA\000077</subfield>
  </datafield>
  <datafield tag="790" ind1=" " ind2="0">
    <subfield code="a">Baldo</subfield>
    <subfield code="c"> : degli#Ubaldi</subfield>
    <subfield code="3">IT\ICCU\CNCA\007674</subfield>
    <subfield code="z">Ubaldi, Baldo : degli</subfield>
  </datafield>
  <datafield tag="790" ind1=" " ind2="0">
    <subfield code="a">Baldus</subfield>
    <subfield code="c"> : Perusinus</subfield>
    <subfield code="3">IT\ICCU\CNCA\007676</subfield>
    <subfield code="z">Ubaldi, Baldo : degli</subfield>
  </datafield>
  <datafield tag="790" ind1=" " ind2="0">
    <subfield code="a">Baldus</subfield>
    <subfield code="c"> : de#Perusio</subfield>
    <subfield code="3">IT\ICCU\CNCA\012449</subfield>
    <subfield code="z">Ubaldi, Baldo : degli</subfield>
  </datafield>
  <datafield tag="790" ind1=" " ind2="0">
    <subfield code="a">Baldus</subfield>
    <subfield code="c"> &lt;giurista&gt;</subfield>
    <subfield code="3">IT\ICCU\CNCA\023536</subfield>
    <subfield code="z">Ubaldi, Baldo : degli</subfield>
  </datafield>
  <datafield tag="801" ind1=" " ind2="3">
    <subfield code="a">IT</subfield>
    <subfield code="b">ICCU</subfield>
    <subfield code="c">20201115</subfield>
  </datafield>
</record>
</collection>
